<record xmlns="http://www.openarchives.org/OAI/2.0/" xmlns:xsi="http://www.w3.org/2001/XMLSchema-instance">
  <header>
    <identifier>oai:atlantis.cern.ch:108</identifier>
    <datestamp>2014-07-01T12:30:20Z</datestamp>
    <setSpec>Eudat</setSpec>
  </header>
  <metadata>
    <marc:record xmlns:marc="http://www.loc.gov/MARC21/slim" xmlns:xsi="http://www.w3.org/2001/XMLSchema-instance" xsi:schemaLocation="http://www.loc.gov/MARC21/slim http://www.loc.gov/standards/marcxml/schema/MARC21slim.xsd" type="Bibliographic">
      <marc:leader>00000coc  2200000uu 4500</marc:leader>
      <marc:controlfield tag="001">108</marc:controlfield>
      <marc:controlfield tag="005">20140701153019.0</marc:controlfield>
      <marc:datafield tag="024" ind1="7" ind2=" ">
        <marc:subfield code="2">checksum</marc:subfield>
        <marc:subfield code="a">cde1a6fcb3b5f31d7283e273120e46135dbf95d8c07680d269ff21b1921095d4</marc:subfield>
      </marc:datafield>
      <marc:datafield tag="024" ind1="7" ind2=" ">
        <marc:subfield code="2">PID</marc:subfield>
        <marc:subfield code="a">http://hdl.handle.net/11304/d02f34e6-0117-11e4-81ac-dcbd1b51435e</marc:subfield>
      </marc:datafield>
      <marc:datafield tag="100" ind1=" " ind2=" ">
        <marc:subfield code="a">Morris Riedel</marc:subfield>
      </marc:datafield>
      <marc:datafield tag="100" ind1=" " ind2=" ">
        <marc:subfield code="a">Gabriele Cavallaro</marc:subfield>
      </marc:datafield>
      <marc:datafield tag="245" ind1=" " ind2=" ">
        <marc:subfield code="a">piSVM Analytics Joboutputs JUDGE Cluster Rome Images 55 Features</marc:subfield>
      </marc:datafield>
      <marc:datafield tag="260" ind1=" " ind2=" ">
        <marc:subfield code="b">http://b2share.eudat.eu</marc:subfield>
        <marc:subfield code="c">2014-06-23</marc:subfield>
      </marc:datafield>
      <marc:datafield tag="264" ind1=" " ind2=" ">
        <marc:subfield code="b">B2Share</marc:subfield>
        <marc:subfield code="c">2014-06-25 08:51:19.503033 UTC</marc:subfield>
      </marc:datafield>
      <marc:datafield tag="270" ind1=" " ind2=" ">
        <marc:subfield code="m">m.riedel@fz-juelich.de</marc:subfield>
      </marc:datafield>
      <marc:datafield tag="520" ind1=" " ind2=" ">
        <marc:subfield code="a">piSVM version 1.2; configuration: -o 1024 -q 512 -c 10000 -g 16 -t 2 -m 1024 -s 0;
55 features;
SDAP build on high-resolution (0.6m) panchromatic image and on pansharpened (UDWT) low-resolution (2.4m) multispectral images using attribute area (10 threshold values)
Supplemental material for paper study.

Correspondent job outputs for the job run times given in B2SHARE entry:

http://hdl.handle.net/11304/69430fd2-e7d6-11e3-b2d7-14feb57d12b9</marc:subfield>
      </marc:datafield>
      <marc:datafield tag="542" ind1=" " ind2=" ">
        <marc:subfield code="l">open</marc:subfield>
      </marc:datafield>
      <marc:datafield tag="546" ind1=" " ind2=" ">
        <marc:subfield code="a">en</marc:subfield>
      </marc:datafield>
      <marc:datafield tag="653" ind1="1" ind2=" ">
        <marc:subfield code="a">parallel SVM; analytics; MPI; multi-spectral images</marc:subfield>
      </marc:datafield>
      <marc:datafield tag="856" ind1="0" ind2=" ">
        <marc:subfield code="f">m.riedel@fz-juelich.de</marc:subfield>
      </marc:datafield>
      <marc:datafield tag="856" ind1="4" ind2=" ">
        <marc:subfield code="s">110896</marc:subfield>
        <marc:subfield code="u">https://b2share.eudat.eu/record/108/files/Train-rome-all-1-1.o1797203.o1797203?version=1</marc:subfield>
      </marc:datafield>
      <marc:datafield tag="856" ind1="4" ind2=" ">
        <marc:subfield code="s">115426</marc:subfield>
        <marc:subfield code="u">https://b2share.eudat.eu/record/108/files/Train-rome-all-2-1.o1797230.o1797230?version=1</marc:subfield>
      </marc:datafield>
      <marc:datafield tag="856" ind1="4" ind2=" ">
        <marc:subfield code="s">124809</marc:subfield>
        <marc:subfield code="u">https://b2share.eudat.eu/record/108/files/Train-rome-all-4-1.o1797240.o1797240?version=1</marc:subfield>
      </marc:datafield>
      <marc:datafield tag="856" ind1="4" ind2=" ">
        <marc:subfield code="s">145651</marc:subfield>
        <marc:subfield code="u">https://b2share.eudat.eu/record/108/files/Train-rome-all-8-1.o1797253.o1797253?version=1</marc:subfield>
      </marc:datafield>
      <marc:datafield tag="856" ind1="4" ind2=" ">
        <marc:subfield code="s">183736</marc:subfield>
        <marc:subfield code="u">https://b2share.eudat.eu/record/108/files/Train-rome-all-16-1.o1797258.o1797258?version=1</marc:subfield>
      </marc:datafield>
      <marc:datafield tag="856" ind1="4" ind2=" ">
        <marc:subfield code="s">262378</marc:subfield>
        <marc:subfield code="u">https://b2share.eudat.eu/record/108/files/Train-rome-all-32-1.o1797267.o1797267?version=1</marc:subfield>
      </marc:datafield>
      <marc:datafield tag="909" ind1="C" ind2="O">
        <marc:subfield code="o">oai:atlantis.cern.ch:108</marc:subfield>
        <marc:subfield code="p">GLOBAL_SET</marc:subfield>
        <marc:subfield code="p">Eudat</marc:subfield>
      </marc:datafield>
      <marc:datafield tag="980" ind1=" " ind2=" ">
        <marc:subfield code="a">generic</marc:subfield>
      </marc:datafield>
      <marc:datafield tag="980" ind1=" " ind2=" ">
        <marc:subfield code="a">Text</marc:subfield>
      </marc:datafield>
    </marc:record>
  </metadata>
</record>
